@article{CrucialEdu,
  author      = {Zabolotniaia, Maria and Cheng, Zijuan and Dorozhkin, Evgeny and Lyzhin, Andrey},
  title       = {Use of the {LMS Moodle} for an effective implementation of an innovative policy in higher educational institutions},
  journal     = {International Journal of Emerging Technologies in Learning},
  volume      = {15},
  number      = {13},
  pages       = {172--189},
  year        = {2020},
  doi         = {10.3991/ijet.v15i13.14945},
  url         = {https://doi.org/10.3991/ijet.v15i13.14945}
}

@article{Jennifer,
  author      = {Rodolfo C. Raga Jr, Jennifer D. Raga},
  title       = {Monitoring Class Activity and Predicting Student Performance Using Moodle Action Log Data},
  journal     = {International Journal of Computing Sciences Research},
  volume      = {1},
  number      = {3},
  pages       = {1--16},
  year        = {2017},
  doi         = {10.25147/ijcsr.2017.001.1.09},
  url         = {https://doi.org/10.25147/ijcsr.2017.001.1.09}
}

@inproceedings{Conferencia,
  author      = {Wattanakasiwich, Pornsit and Suree, Natcha and Chamrat, Sumonta and Saengsuwan, Warangkana and Suttharangsee, Wasit and Panrat, Thanaporn and Ruamcharoen, Jintana and Trianpo, Woraporn and Amornsamankul, Siwakorn and Laesanklang, Wasakorn},
  title       = {Investigating challenges of student centered learning in Thai higher education during the {COVID-19} pandemic},
  booktitle   = {2021 IEEE Frontiers in Education Conference (FIE)},
  year        = {2021},
  pages       = {1--7},
  address     = {Lincoln, NE, USA},
  doi         = {10.1109/FIE49875.2021.9637298},
  url         = {https://doi.org/10.1109/FIE49875.2021.9637298}
}

@article{Journal,
  author      = {Nuankaew, Phonsuk},
  title       = {Dropout situation of business computer students, University of Phayao},
  journal     = {International Journal of Emerging Technologies in Learning},
  volume      = {14},
  number      = {19},
  pages       = {115--131},
  year        = {2019},
  doi         = {10.3991/ijet.v14i19.11177},
  url         = {https://doi.org/10.3991/ijet.v14i19.11177}
}

@online{Moodle_Solutions,
  title       = {Moodle},
  author      = {{Moodle}},
  url         = {https://moodle.com/es/solutions/lms/},
  note        = {Consultado el 28 de octubre de 2023}
}

@online{bit4learn,
  title       = {Bit4Learn},
  url         = {https://bit4learn.com/es/lms/},
  }

@online{SaaS,
  title       = {¿Qué es un sistema de gestión del aprendizaje basado en la nube (SaaS)?},
  author      = {easy-lms},
  url         = {https://www.easy-lms.com/es/centro-de-conocimiento/centro-lms/que-es-un-lms-basado-en-la-nube-saas/item12782},
}


@online{Wiki_Plato,
  title       = {Wikipedia},
  url         = {https://es.wikipedia.org/wiki/Programmed_Logic_Automated_Teaching_Operations},
  }

@online{NKI,
  title       = {virtualeducation},
  url         = {http://www.virtualeducation.wiki/index.php/NKI_Nettstudier},
  }

@online{FirstClass,
  title       = {comparasoftware},
  url         = {https://www.comparasoftware.com/firstclass-lms},
}

@online{Moodle_docs,
  title       = {Moodle},
  url         = {https://docs.moodle.org/all/es/Acerca_de_Moodle},
}
@online{Moodle_stats,
  title       = {Moodle},
  url         = {https://moodle.org/stats/},
}
https://docs.moodle.org/dev/Plugins

@online{Moodle_Plugins,
  title       = {Moodle},
  url         = {https://docs.moodle.org/dev/Plugins},
}

@phdthesis{Sarria_tesis,
  author      = {Brian Sal Sarria},
  school      = {Universidad de Cantabria},
  title       = {Moodle’s Events Log Processing for the Generation of Users’ Activity Reports},
  year        = {2020}
}

@phdthesis{Romero_tesis,
  author      = {Cristóbal Romero Morales},
  school      = {Universidad de Córdoba'},
  title       = {Aplicando Minería de datos en Moodle},
  year        = {2021}
}

@article{Sebastian,
  author      = {Sebastián Ventura},
  title       = {Minería de Datos en Sistemas Educativos},
  year        = {2008}
}

@article{Vasile,
  author      = {Vasile Paul Bresfelean},
  title       = {Data Mining Applications in Higher Education and Academic Inteligence Management},
  year        = {2008}
}

@article{Dominik,
  author      = {Sherine Dominik, T. Abdul Razak},
  title       = {Analizing the student performance using classification techniques to the better suited classifer},
  journal     = {International Journal of Computer Applications},
  volume      = {104},
  number      = {4},
  pages       = {1--3},
  year        = {2014},
}

@article{Rodolfo,
  author      = {Rosalina Rebucas Estacio, Rodolfo Callanta Raga Jr},
  title       = {Analyzing students online learning behavior in blended courses using Moodle},
  journal     = {Asian Association of Open Universities Journal},
  volume      = {12},
  number      = {1},
  year        = {2017},
  doi         = {10.1108/AAOUJ-01-2017-0016},
}

@article{Sushil,
  author      = {Sushil Shrestha, Manish Pokharel},
  title       = {Educational data mining in moodle data},
  journal     = {International Journal of Informatics and Communication Technology},
  volume      = {10},
  number      = {1},
  year        = {2021},
  doi         = {10.11591/ijict.v10i1.pp9-18},
}

@inproceedings{murad2018recommendation,
  author      = {Murad, Dzulkifli Fadhil and Heryadi, Yanto and Wijanarko, Budi Dharma and Isa, Shahrul M. and Budiharto, Widodo},
  title       = {Recommendation system for smart {LMS} using machine learning: a literature review},
  booktitle   = {2018 4th International Conference on Computing, Engineering and Design ({ICCED})},
  year        = {2018},
  pages       = {113--118},
  address     = {Bangkok, Thailand},
  doi         = {10.1109/ICCED.2018.00031},
  url         = {https://doi.org/10.1109/ICCED.2018.00031}
}

@article{Suleiman,
  author      = {Suleiman,Anane},
  title       = {Recommen- dation system for smart LMS using machine learning: a literature review},
  journal     = {International Conference on Computer  Supported Cooperative Work in Design},
  volume      = {10},
  number      = {1},
  year        = {2022},
  doi         = {10.1109/CSCWD54268.2022.9776102},
  url         = {https://doi.org/10.1109/CSCWD54268.2022.9776102},
}

@article{conijn2016predicting,
  author      = {Conijn, Rianne and Snijders, Chris and Kleingeld, Ad and Matzat, Uwe},
  title       = {Predicting student performance from {LMS} data: A comparison of 17 blended courses using {Moodle LMS}},
  journal     = {IEEE Transactions on Learning Technologies},
  volume      = {10},
  number      = {1},
  pages       = {17--29},
  year        = {2016},
  doi         = {10.1109/TLT.2016.2616312},
  url         = {https://doi.org/10.1109/TLT.2016.2616312}
}

@inproceedings{ljubobratovic2019using,
  author      = {Ljubobratović, Dejan and Matetić, Maja},
  title       = {Using {LMS} activity logs to predict student failure with random forest algorithm},
  booktitle   = {2019 7th International Conference on Future of Information Sciences: Knowledge in the Digital},
  year        = {2019},
  pages       = {113--119},
  doi         = {10.17234/INFUTURE.2019.14},
  url         = {https://doi.org/10.17234/INFUTURE.2019.14}
}

@article{nguyen2021using,
  author      = {Thi-Diem Nguyen, Anh},
  title       = {Using machine learning to predict the low grade risk for students based on log file in {Moodle} learning management system},
  journal     = {International Journal of Computing \& Digital System},
  volume      = {10},
  number      = {1},
  pages       = {1134--1140},
  year        = {2021},
  doi         = {10.12785/ijcds/110191},
  url         = {https://doi.org/10.12785/ijcds/110191}
}

@inproceedings{maraza-quispe2021predictive,
  author      = {Maraza-Quispe, Brenda and Damian Valderrama-Chauca, Erick and Henry Cari-Mogrovejo, Lenin and Milton Apaza-Huanca, Juan},
  title       = {Predictive model of student academic performance from {LMS} data based on learning analytics},
  booktitle   = {2021 13th International Conference on Education Technology and Computers ({ICETC})},
  year        = {2021},
  pages       = {13--19},
  doi         = {10.1145/3498765.3498768},
  url         = {https://doi.org/10.1145/3498765.3498768}
}

@article{mi2022research,
  author      = {Mi, Hua and Gao, Zhanhong and Zhang, Qian and Zheng, Yonghui},
  title       = {Research on constructing online learning performance prediction model combining feature selection and neural network},
  journal     = {International Journal of Emerging Technologies in Learning},
  volume      = {17},
  number      = {7},
  pages       = {94--111},
  year        = {2022},
  doi         = {10.3991/ijet.v17i07.25587},
  url         = {https://doi.org/10.3991/ijet.v17i07.25587}
}

@article{khan2021machine,
  author      = {Khan, Imran and Ahmad, Abdul Rahim and Jabeur, Najla and Mahdi, Mohd Nizam},
  title       = {Machine learning prediction and recommendation framework to support introductory programming course},
  journal     = {International Journal of Emerging Technologies in Learning},
  volume      = {16},
  number      = {17},
  pages       = {42--59},
  year        = {2021},
  doi         = {10.3991/ijet.v16i17.18995},
  url         = {https://doi.org/10.3991/ijet.v16i17.18995}
}



@online{andreaperlato,
  title       = {andreaperlato},
  url         = {https://www.andreaperlato.com/mlpost/feature-selection-using-boruta-algorithm/},
}

@book{faul2019concise,
  author      = {Faul, Andreas C.},
  title       = {A Concise Introduction to Machine Learning},
  year        = {2019},
  publisher   = {CRC Press},
  address     = {Boca Raton, FL},
  doi         = {10.1201/9781351204750},
  url         = {https://doi.org/10.1201/9781351204750}
}

@book{wei-meng2019python,
  author      = {Wei-Meng, Lee},
  title       = {Python Machine Learning},
  year        = {2019},
  publisher   = {Wiley Press},
  address     = {Hoboken, NJ}
}

@article{rehman2019automatic,
  author      = {Rehman, Atiq and Naz, Saeed and Razzak, Muhammad Irfan and Hameed, Imran A.},
  title       = {Automatic Visual Features for Writer Identification: A Deep Learning Approach},
  journal     = {IEEE Access},
  volume      = {7},
  year        = {2019},
  pages       = {17149--17157},
  doi         = {10.1109/ACCESS.2018.2890810},
  url         = {https://doi.org/10.1109/ACCESS.2018.2890810}
}